<record><leader>00000cas a22000007a 4500</leader><controlfield tag="001">36980405</controlfield><controlfield tag="008">970529d19111912okuwr n       0    0eng d</controlfield><datafield ind1=" " ind2=" " tag="010"><subfield code="a">sn 97064895 </subfield></datafield><datafield ind1=" " ind2=" " tag="040"><subfield code="a">OBN</subfield><subfield code="b">eng</subfield><subfield code="c">OBN</subfield><subfield code="d">OCLCQ</subfield><subfield code="d">OCLCF</subfield><subfield code="d">OCLCO</subfield></datafield><datafield ind1="1" ind2=" " tag="029"><subfield code="a">AU@</subfield><subfield code="b">000013283128</subfield></datafield><datafield ind1=" " ind2=" " tag="042"><subfield code="a">msc</subfield></datafield><datafield ind1=" " ind2=" " tag="043"><subfield code="a">n-us-ok</subfield></datafield><datafield ind1="0" ind2=" " tag="130"><subfield code="a">Dewey weekly globe (Dewey, Okla. : 1911)</subfield></datafield><datafield ind1="1" ind2="4" tag="245"><subfield code="a">The Dewey weekly globe.</subfield></datafield><datafield ind1=" " ind2=" " tag="260"><subfield code="a">Dewey, Washington County, Okla. :</subfield><subfield code="b">A.H. Norwood</subfield></datafield><datafield ind1=" " ind2=" " tag="300"><subfield code="a">v.</subfield></datafield><datafield ind1=" " ind2=" " tag="310"><subfield code="a">Weekly</subfield></datafield><datafield ind1="1" ind2=" " tag="362"><subfield code="a">Began in 1911; ceased in 1912.</subfield></datafield><datafield ind1=" " ind2=" " tag="588"><subfield code="a">Description based on: Vol. 1, no. 4 (Dec. 29, 1911).</subfield></datafield><datafield ind1=" " ind2="0" tag="651"><subfield code="a">Dewey (Okla.)</subfield><subfield code="v">Newspapers.</subfield></datafield><datafield ind1=" " ind2="0" tag="651"><subfield code="a">Washington County (Okla.)</subfield><subfield code="v">Newspapers.</subfield></datafield><datafield ind1=" " ind2="7" tag="655"><subfield code="a">Newspapers.</subfield><subfield code="2">fast</subfield><subfield code="0">(OCoLC)fst01423814</subfield></datafield><datafield ind1=" " ind2="7" tag="651"><subfield code="a">Oklahoma</subfield><subfield code="z">Dewey.</subfield><subfield code="2">fast</subfield><subfield code="0">(OCoLC)fst01221556</subfield></datafield><datafield ind1=" " ind2="7" tag="651"><subfield code="a">Oklahoma</subfield><subfield code="z">Washington County.</subfield><subfield code="2">fast</subfield><subfield code="0">(OCoLC)fst01223288</subfield></datafield><datafield ind1=" " ind2=" " tag="752"><subfield code="a">United States</subfield><subfield code="b">Oklahoma</subfield><subfield code="c">Washington</subfield><subfield code="d">Dewey.</subfield></datafield><datafield ind1="0" ind2=" " tag="775"><subfield code="t">Dewey daily shriek</subfield><subfield code="w">(DLC)sn 97064894</subfield><subfield code="w">(OCoLC)36980372</subfield></datafield><datafield ind1="0" ind2="0" tag="785"><subfield code="t">Dewey globe (Dewey, Okla. : 1912)</subfield><subfield code="w">(DLC)sn 97064896</subfield><subfield code="w">(OCoLC)36980453</subfield></datafield></record>